<?xml version="1.0" encoding="UTF-8"?>
<record xmlns="http://www.loc.gov/MARC21/slim" xmlns:xsi="http://www.w3.org/2001/XMLSchema-instance" xsi:schemaLocation="http://www.loc.gov/MARC21/slim http://www.loc.gov/standards/marcxml/schema/MARC21slim.xsd">
<leader>     cam a2200241 i 4500</leader>
<controlfield tag="001">001700786</controlfield>
<controlfield tag="003">NNU</controlfield>
<controlfield tag="005">20010214211414.0</controlfield>
<controlfield tag="008">850325s1963    iq a          000 0 arax</controlfield>
<datafield tag="010" ind1=" " ind2=" ">
<subfield code="a">74960596</subfield>
</datafield>
<datafield tag="035" ind1="9" ind2=" ">
<subfield code="a">NYUb12249371</subfield>
</datafield>
<datafield tag="035" ind1=" " ind2=" ">
<subfield code="a">NNSZ00304306</subfield>
</datafield>
<datafield tag="035" ind1=" " ind2=" ">
<subfield code="a">(CStRLIN)NYPG003001410-B</subfield>
</datafield>
<datafield tag="040" ind1=" " ind2=" ">
<subfield code="c">NN</subfield>
<subfield code="d">NN</subfield>
<subfield code="d">CStRLIN</subfield>
<subfield code="d">NNU</subfield>
</datafield>
<datafield tag="043" ind1=" " ind2=" ">
<subfield code="a">a-iq---</subfield>
</datafield>
<datafield tag="050" ind1="0" ind2=" ">
<subfield code="a">DS70.6.</subfield>
<subfield code="b">R27</subfield>
</datafield>
<datafield tag="100" ind1="1" ind2=" ">
<subfield code="a">Ramzī, N.</subfield>
</datafield>
<datafield tag="245" ind1="1" ind2="3">
<subfield code="a">al-Iraq, al-arḍ wa-al-nās =</subfield>
<subfield code="b">Irak, the land and the people /</subfield>
<subfield code="c">[N. Ramzī].</subfield>
</datafield>
<datafield tag="260" ind1=" " ind2=" ">
<subfield code="a">[Baghdād ;</subfield>
<subfield code="b">s.n.,</subfield>
<subfield code="c">1963]</subfield>
</datafield>
<datafield tag="300" ind1=" " ind2=" ">
<subfield code="a">ca. 150 p. :</subfield>
<subfield code="b">all ill. ;</subfield>
<subfield code="c">27 cm.</subfield>
</datafield>
<datafield tag="500" ind1=" " ind2=" ">
<subfield code="a">Preliminary matter and table of contents in Arabic and English.</subfield>
</datafield>
<datafield tag="651" ind1=" " ind2="0">
<subfield code="a">Iraq</subfield>
<subfield code="v">Pictorial works.</subfield>
</datafield>
<datafield tag="740" ind1="0" ind2="1">
<subfield code="a">Irak, the land and the people.</subfield>
</datafield>
<datafield tag="OWN" ind1=" " ind2=" ">
<subfield code="a">GENERAL</subfield>
</datafield>
<datafield tag="998" ind1=" " ind2=" ">
<subfield code="s">9115</subfield>
</datafield>
<datafield tag="AVA" ind1=" " ind2=" ">
<subfield code="a">NYU50</subfield>
<subfield code="b">BOBST</subfield>
<subfield code="c">Main Collection</subfield>
<subfield code="d">DS70.6 .R27</subfield>
<subfield code="e">unavailable</subfield>
<subfield code="t">Unavailable</subfield>
<subfield code="f">1</subfield>
<subfield code="g">1</subfield>
<subfield code="h">N</subfield>
<subfield code="i">0</subfield>
<subfield code="j">MAIN</subfield>
<subfield code="k">0</subfield>
</datafield>
</record>
